@misc{RfcStatus2014,
  title        = "Hypertext Transfer Protocol (HTTP/1.1): Semantics and Content",
  author       = "Internet Engineering Task Force",
  howpublished = "\url{https://datatracker.ietf.org/doc/html/rfc7231}",
  year         = 2014,
  note         = "(Дата обращения: 10.11.2023)"
}

@misc{MdnHttpMethods2023,
  title        = "Методы HTTP запроса",
  author       = "MDNWebDocs",
  howpublished = "\url{https://developer.mozilla.org/ru/docs/Web/HTTP/Methods}",
  year         = 2023,
  note         = "(Дата обращения: 10.11.2023)"
}

@misc{MdnHttpHeaders2023,
  title        = "Заголовки HTTP",
  author       = "MDNWebDocs",
  howpublished = "\url{https://developer.mozilla.org/ru/docs/Web/HTTP/Headers}",
  year         = 2023,
  note         = "(Дата обращения: 10.11.2023)"
}

@misc{MdnContentType2023,
  title        = "Content-Type",
  author       = "MDNWebDocs",
  howpublished = "\url{https://developer.mozilla.org/ru/docs/Web/HTTP/Headers/Content-Type}",
  year         = 2023,
  note         = "(Дата обращения: 10.11.2023)"
}

@misc{MdnHttpStatus2023,
  title        = "Коды ответа HTTP",
  author       = "MDNWebDocs",
  howpublished = "\url{https://developer.mozilla.org/ru/docs/Web/HTTP/Status}",
  year         = 2023,
  note         = "(Дата обращения: 10.11.2023)"
}

@misc{MdnHttpMsg2023,
  title        = "Сообщения HTTP",
  author       = "MDNWebDocs",
  howpublished = "\url{https://developer.mozilla.org/ru/docs/Web/HTTP/Messages}",
  year         = 2023,
  note         = "(Дата обращения: 10.11.2023)"
}

@misc{MdnWebServer2023,
  title        = "Что такое веб-сервер",
  author       = "MDNWebDocs",
  howpublished = "\url{https://developer.mozilla.org/ru/docs/Learn/Common_questions/Web_mechanics/What_is_a_web_server}",
  year         = 2023,
  note         = "(Дата обращения: 10.11.2023)"
}

@misc{Sockets2020,
  title        = "Сокеты",
  author       = "ИнФОУрФУ",
  howpublished = "\url{https://lecturesnet.readthedocs.io/net/low-level/ipc/socket/intro.html}",
  year         = 2020,
  note         = "(Дата обращения: 10.11.2023)"
}

@Comment{jabref-meta: databaseType:bibtex;}
